<?xml version="1.0" encoding="UTF-8"?><record xmlns="http://www.loc.gov/MARC21/slim" xmlns:cinclude="http://apache.org/cocoon/include/1.0" xmlns:zs="http://www.loc.gov/zing/srw/">
  <leader>00786cz  a2200193n  4500</leader>
  <controlfield tag="001">n  99037087 </controlfield>
  <controlfield tag="003">DLC</controlfield>
  <controlfield tag="005">19990519114534.9</controlfield>
  <controlfield tag="008">990518n| acaaaaaa|          |a ana |||  </controlfield>
  <datafield tag="010" ind1=" " ind2=" ">
    <subfield code="a">n  99037087 </subfield>
  </datafield>
  <datafield tag="040" ind1=" " ind2=" ">
    <subfield code="a">DLC</subfield>
    <subfield code="b">eng</subfield>
    <subfield code="c">DLC</subfield>
    <subfield code="d">DLC</subfield>
  </datafield>
  <datafield tag="130" ind1=" " ind2="0">
    <subfield code="a">Colección Justitia et jus.</subfield>
    <subfield code="p">Sección investigaciones</subfield>
  </datafield>
  <datafield tag="410" ind1="2" ind2=" ">
    <subfield code="a">Universidad de los Andes (Mérida, Venezuela).</subfield>
    <subfield code="b">Centro de Jurisprudencia.</subfield>
    <subfield code="t">Colección Justitia et jus.</subfield>
    <subfield code="p">Sección investigaciones</subfield>
  </datafield>
  <datafield tag="642" ind1=" " ind2=" ">
    <subfield code="a">no. 6</subfield>
    <subfield code="5">DLC</subfield>
  </datafield>
  <datafield tag="643" ind1=" " ind2=" ">
    <subfield code="a">Mérida, Venezuela</subfield>
    <subfield code="b">Universidad de los Andes, Facultad de Derecho, Centro de Jurisprudencia</subfield>
  </datafield>
  <datafield tag="644" ind1=" " ind2=" ">
    <subfield code="a">f</subfield>
    <subfield code="5">DLC</subfield>
  </datafield>
  <datafield tag="645" ind1=" " ind2=" ">
    <subfield code="a">t</subfield>
    <subfield code="5">DLC</subfield>
  </datafield>
  <datafield tag="646" ind1=" " ind2=" ">
    <subfield code="a">s</subfield>
    <subfield code="5">DLC</subfield>
  </datafield>
  <datafield tag="670" ind1=" " ind2=" ">
    <subfield code="a">Evolución constitucional del municipio en Venezuela, 1982:</subfield>
    <subfield code="b">t.p. (Colección Justitia et jus. Sección investigaciones ; no. 6)</subfield>
  </datafield>
</record>